@inproceedings{gelle1996interactive,
  author={Gelle, Esther and Weigel, Rainer},
  title={Interactive configuration using constraint satisfaction techniques},
  booktitle={PACT-96},
  pages={37--44},
  year={1996}
}

@phdthesis{de2014separating,
  title={Separating Knowledge from Computation: An FO (.) Knowledge Base System and its Model Expansion Inference},
  author={De Cat, Broes},
  year={2014},
  school={PhD thesis, KU Leuven, Leuven, Belgium (May 2014)}
}

@inproceedings{van2016kb,
  title={The KB Paradigm and its Application to Interactive Configuration},
  author={Van Hertum Pieter, B and Dasseville, Ingmar and Janssens, Gerda and Denecker, Marc},
  booktitle={Practical Aspects of Declarative Languages: 18th International Symposium, PADL 2016, St. Petersburg, FL, USA, January 18-19, 2016. Proceedings},
  volume={9585},
  pages={13},
  year={2016},
  organization={Springer}
}

@inproceedings{vlaeminck2009logical,
  title={A logical framework for configuration software},
  author={Vlaeminck, Hanne and Vennekens, Joost and Denecker, Marc},
  booktitle={Proceedings of the 11th ACM SIGPLAN conference on Principles and practice of declarative programming},
  pages={141--148},
  year={2009},
  organization={ACM}
}

@article{vennekens2015lowering,
  title={Lowering the learning curve for declarative programming: a Python API for the IDP system},
  author={Vennekens, Joost},
  journal={arXiv preprint arXiv:1511.00916},
  year={2015}
}

@article{de2014predicate,
  title={Predicate logic as a modelling language: The IDP system},
  author={De Cat, Broes and Bogaerts, Bart and Bruynooghe, Maurice and Denecker, Marc},
  journal={arXiv preprint arXiv:1401.6312},
  year={2014}
}

@article{amilhastre2002consistency,
  title={Consistency restoration and explanations in dynamic CSPs—application to configuration},
  author={Amilhastre, J{\'e}r{\^o}me and Fargier, H{\'e}lene and Marquis, Pierre},
  journal={Artificial Intelligence},
  volume={135},
  number={1},
  pages={199--234},
  year={2002},
  publisher={Elsevier}
}

@incollection{o2005generating,
  title={Generating corrective explanations for interactive constraint satisfaction},
  author={O’callaghan, Barry and O’sullivan, Barry and Freuder, Eugene C},
  booktitle={Principles and Practice of Constraint Programming-CP 2005},
  pages={445--459},
  year={2005},
  publisher={Springer}
}

@incollection{denecker2008building,
  title={Building a knowledge base system for an integration of logic programming and classical logic},
  author={Denecker, Marc and Vennekens, Joost},
  booktitle={Logic Programming},
  pages={71--76},
  year={2008},
  publisher={Springer}
}

@inproceedings{o2007representative,
  title={Representative explanations for over-constrained problems},
  author={O'Sullivan, Barry and Papadopoulos, Alexandre and Faltings, Boi and Pu, Pearl},
  booktitle={AAAI},
  volume={7},
  pages={323--328},
  year={2007}
}

@book{felfernig2001intelligent,
  title={Intelligent support for interactive configuration of mass-customized products},
  author={Felfernig, Alexander and Friedrich, Gerhard and Jannach, Dietmar and Zanker, Markus},
  year={2001},
  publisher={Springer}
}

@book{felfernig2014knowledge,
  title={Knowledge-based configuration: From research to business cases},
  author={Felfernig, Alexander and Hotz, Lothar and Bagley, Claire and Tiihonen, Juha},
  year={2014},
  publisher={Newnes}
}